@misc{tarnoff2018big,
    author = {Ben Tarnoff},
    title = {Big data for the people: it's time to take it back from our tech overlords},
    journal = {The Guardian},
    url = {https://www.theguardian.com/technology/2018/mar/14/tech-big-data-capitalism-give-wealth-back-to-people},
    urldate = {2020-03-14},
    year = {2018}
}

@misc{economist2017world,
  title={The world’s most valuable resource is no longer oil, but data},
  author={The Economist},
  journal={The Economist: New York, NY, USA},
  urldate = {2020-03-14},
  url={https://www.economist.com/leaders/2017/05/06/the-worlds-most-valuable-resource-is-no-longer-oil-but-data},
  year={2017}
}

@misc{finger2014data,
author = {Lutz Finger},
title = {3 Data Products You Need To Know},
journal = {Forbes},
url = {https://www.forbes.com/sites/lutzfinger/2014/08/19/3-data-products-you-need-to-know},
urldate = {2020-03-14},
year = {2014}
}

@misc{lightgbmBench,
title = {Experiments - Comparison Experiment},
howpublished = {\url{https://lightgbm.readthedocs.io/}},
note = {Accessed: 2020-03-31}
}

@misc{zhu2010stream,
author = {X. Zhu},
title = {Power Supply: Stream Data Mining Repository},
url = {http://www.cse.fau.edu/~xqzhu/stream.html},
year = {2010},
}

@misc{blackard1998covertype,
author = {Jock A. Blackard and Denis J. Dean and Charles W. Anderson},
title = {Covertype Data Set, {UCI} Machine Learning Repository},
url = {https://archive.ics.uci.edu/ml/datasets/covertype},
institution = {University of California, Irvine, School of Information and Computer Sciences},
year = {1998},
}

@misc{Lichman2013,
author = {Dheeru Dua and Casey Graff},
title = {{UCI} Machine Learning Repository},
url = {http://archive.ics.uci.edu/ml},
institution = {University of California, Irvine, School of Information and Computer Sciences},
year = {2017},
}

@book{friedman2001elements,
title = {The elements of statistical learning},
author = {Jerome Friedman and Trevor Hastie and Robert Tibshirani},
publisher = {Springer series in statistics New York},
year = {2001},
}

@book{gama2007learning,
title = {Learning from data streams: processing techniques in sensor networks},
author = {Jo{\~a}o Gama and Mohamed Medhat Gaber},
publisher = {Springer},
year = {2007},
}

@book{hyndman2018forecasting,
title = {Forecasting: principles and practice},
author = {Rob J. Hyndman and George Athanasopoulos},
publisher = {OTexts},
year = {2018},
}

@book{Brazdil2009,
author = {Pavel Brazdil and Christophe Giraud-Carrier and Carlos Soares and Ricardo Vilalta},
title = {Metalearning - Applications to Data Mining},
edition = {1},
series = {Cognitive Technologies},
publisher = {Springer},
year = {2009},
}

@book{vapnik2013nature,
title = {The nature of statistical learning theory},
author = {Vladimir Vapnik},
publisher={Springer science \& business media},
year = {2013},
}

@book{gama2010knowledge,
title = {Knowledge discovery from data streams},
author = {Jo{\~a}o Gama},
publisher = {CRC Press},
year = {2010}
}

@article{rossi2014metastream,
title = {{MetaStream}: {A} meta-learning based method for periodic algorithm selection in time-changing data},
author = {Andr{\'e} L. D. Rossi and Andr{\'e} C. P. L. F. de Carvalho and Carlos Soares and  Bruno Feres {de Souza}},
journal = {Neurocomputing},
volume = {127},
pages = {52--64},
year = {2014},
}

@article{Ho1998,
author = {Tin Kam Ho},
title = {The Random Subspace Method for Constructing Decision Forests},
journal = {IEEE Transactions on Pattern Analysis and Machine Intelligence},
volume = {20},
number = {8},
pages = {832–844},
year = {1998},
}

@book{breiman1984classification,
  title={Classification and regression trees},
  author={Breiman, Leo and Friedman, Jerome and Stone, Charles J and Olshen, Richard A},
  year={1984},
  publisher={CRC press}
}

@article{friedman2001greedy,
  title={Greedy function approximation: a gradient boosting machine},
  author={Friedman, Jerome H},
  journal={Annals of statistics},
  pages={1189--1232},
  year={2001},
  publisher={JSTOR}
}

@article{Breiman2001,
author = {Leo Breiman},
title = {Random Forests},
journal = {Machine Learning},
volume = {45},
number = {1},
pages = {5-32},
year = {2001},
}

@article{Rice1976,
author = {John R. Rice},
title = {The Algorithm Selection Problem},
journal = {Advances in Computers},
volume = {15},
pages = {65-118},
year = {1976},
}

@article{SmithMiles2008,
author = {Kate A. Smith-Miles},
title = {Cross-disciplinary perspectives on meta-learning for algorithm selection},
journal = {ACM Computing Surveys},
volume = {41},
number = {1},
pages = {1-25},
year = {2008},
}

@article{Rivolli2018,
author = {Adriano Rivolli and Lu{\'i}s P. F. Garcia and Carlos Soares and Joaquin Vanschoren and Andr{\'e} C. P. L. F. de Carvalho},
title = {Towards Reproducible Empirical Research in Meta-learning},
journal = {eprint arXiv},
volume = {1},
number = {1808.10406},
pages = {1-41},
year = {2018}
}

@article{Reif2014,
author = {Matthias Reif and Faisal Shafait and Markus Goldstein and Thomas Breuel and Andreas Dengel},
title = {Automatic classifier selection for non-experts},
journal = {Pattern Analysis and Applications},
number = {1},
pages = {83-96},
volume = {17},
year = {2014}
}

@article{OpenML2013,
author = {Joaquin Vanschoren and Jan N. {van Rijn} and Bernd Bischl and Luis Torgo},
title = {{OpenML:} Networked Science in Machine Learning},
journal = {SIGKDD Explorations},
volume = {15},
number = {2},
pages = {49-60},
year = {2013},
}

@article{Munoz2018,
title={Instance spaces for machine learning classification},
author={Mu{\~n}oz, Mario A and Villanova, Laura and Baatar, Davaatseren and Smith-Miles, Kate},
journal={Machine Learning},
volume={107},
number={1},
pages={109--147},
year={2018},
}

@article{valiant1984theory,
title={A theory of the learnable},
author={Leslie G Valiant},
journal={Communications of the ACM},
volume={27},
number={11},
pages={1134--1142},
year={1984},
}

@article{zang2014comparative,
title={Comparative study between incremental and ensemble learning on data streams: Case study},
author={Wenyu Zang and Peng Zhang and Chuan Zhou and Li Guo},
journal={Journal Of Big Data},
volume={1},
number={5},
pages={1--16},
year={2014},
}

@article{VanRijn2018,
title = {The online performance estimation framework: heterogeneous ensemble learning for data streams},
author = {Jan N. {van Rijn} and Geoffrey Holmes and Bernhard Pfahringer and Joaquin Vanschoren},
journal = {Machine Learning},
volume = {107},
number = {1},
pages = {149--176},
year = {2018},
}

@article{Anderson2019,
author = {Robert Anderson and Yun Sing Koh and Gillian Dobbie and Albert Bifet},
title = {Recurring concept meta-learning for evolving data streams},
journal = {Expert Systems with Applications},
volume = {138},
number = {},
pages = {1--18},
year = {2019}
}

@article{gama2012survey,
title = {A survey on learning from data streams: current and future trends},
author = {Jo{\~a}o Gama},
journal = {Progress in Artificial Intelligence},
volume = {1},
number = {1},
pages = {45--55},
year = {2012},
}

@article{bifet2010moa,
title = {{MOA}: {M}assive {O}nline {A}nalysis},
author = {Albert Bifet and Geoff Holmes and Richard Kirkby and Bernhard Pfahringer},
journal = {Journal of Machine Learning Research},
volume = {11},
number = {},
pages = {1601--1604},
year = {2010},
}

@article{gaber2005mining,
title = {Mining data streams: a review},
author = {Mohamed Medhat Gaber and Arkady Zaslavsky and Shonali Krishnaswamy},
journal = {ACM SIGMOD Record},
volume = {34},
number = {2},
pages = {18--26},
year = {2005},
}

@article{Vanschoren2018,
title = {Meta-Learning: {A} Survey},
author = {Joaquin Vanschoren},
journal = {eprint arXiv},
volume = {1},
number = {1810.03548},
pages = {1-29},
year = {2018},
}

@article{cho2014learning,
title = {Learning phrase representations using RNN encoder-decoder for statistical machine translation},
author = {Kyunghyun Cho and Bart Van Merri{\"e}nboer and Caglar Gulcehre and Dzmitry Bahdanau and Fethi Bougares and Holger Schwenk and Yoshua Bengio},
journal = {eprint arXiv},
volume = {},
number = {1406.1078},
pages = {1-15},
year = {2014},
}

@article{gomes2017adaptive,
title = {Adaptive random forests for evolving data stream classification},
author = {Heitor M Gomes and Albert Bifet and Jesse Read and Jean Paul Barddal and Fabr{\'i}cio Enembreck and Bernhard Pfharinger and Geoff Holmes and Talel Abdessalem},
journal = {Machine Learning},
volume = {106},
number = {9-10},
pages = {1469--1495},
year = {2017},
}

@article{gama2014,
title = {Recurrent concepts in data streams classification},
author = {Jo{\~a}o Gama and Petr Kosina},
journal = {Knowledge and Information Systems},
volume = {40},
number = {3},
pages = {489--507},
year = {2014},
}

@article{pymfe2020,
title={{MFE}: {T}owards reproducible meta-feature extraction},
author = {Edesio Alcoba\c{c}a and Felipe Siqueira and Adriano Rivolli and Lu{\'i}s P. F Garcia and Jeferson T. Oliva and Andre C. P. L. F. de Carvalho},
journal = {Journal of Machine Learning Research},
number = {},
volume = {},
pages = {1-5},
year = {2020},
}

@article{gers1999learning,
title = {Learning to forget: Continual prediction with LSTM},
author = {Felix A Gers and J{\"u}rgen Schmidhuber and Fred Cummins},
journal = {Neural Computation},
volune = {12},
number = {10},
pages = {2451-2471},
year = {1999},
}

@inproceedings{Johansson2014, 
author = {Ulf Johansson and Cecilia S{\"o}nstr{\"o}d and Henrik Linusson and Henrik Bostr{\"o}m}, 
booktitle = {IEEE International Conference on Big Data (Big Data)}, 
title = {Regression trees for streaming data with local performance guarantees}, 
pages = {461-470},
year = {2014}, 
}

@inproceedings{read2012batch,
author = {Jesse Read and Albert Bifet and Bernhard Pfahringer and Geoff Holmes},
title = {Batch-incremental versus instance-incremental learning in dynamic and evolving data},
booktitle = {11th International Symposium on Intelligent Data Analysis (IDA)},
pages = {313--323},
year = {2012}
}

@inproceedings{vanrijn2014algorithm,
title = {Algorithm selection on data streams},
author = {Jan N. {van Rijn} and Geoffrey Holmes and Bernhard Pfahringer and Joaquin Vanschoren},
booktitle = {17th International Conference on Discovery Science (DS)},
pages = {325--336},
year = {2014}
}

@article{coleman2019analysis,
  title={Analysis of dawnbench, a time-to-accuracy machine learning performance benchmark},
  author={Coleman, Cody and Kang, Daniel and Narayanan, Deepak and Nardi, Luigi and Zhao, Tian and Zhang, Jian and Bailis, Peter and Olukotun, Kunle and R{\'e}, Chris and Zaharia, Matei},
  journal={ACM SIGOPS Operating Systems Review},
  volume={53},
  number={1},
  pages={14--25},
  year={2019},
  publisher={ACM New York, NY, USA}
}

@inproceedings{gama2004learning,
title = {Learning with drift detection},
author = {Jo{\~a}o Gama and Pedro Medas and Gladys Castillo and Pedro Rodrigues},
booktitle = {17th Brazilian Symposium on Artificial Intelligence},
pages = {286--295},
year = {2004},
}

@inproceedings{williams2001using,
title = {Using the Nystr{\"o}m method to speed up kernel machines},
author = {Christopher Williams and Matthias Seeger},
booktitle = {Advances in Neural Information Processing Systems},
pages = {682--688},
year = {2001}
}

@inproceedings{bifet2007learning,
title = {Learning from time-changing data with adaptive windowing},
author = {Albert Bifet and Ricard Gavald{\`a}},
booktitle = {International Conference on Data Mining (SIAM)},
pages = {443--448},
year = {2007},
}

@inproceedings{klinkenberg2000detecting,
title = {Detecting Concept Drift with Support Vector Machines},
author = {Ralf Klinkenberg and Thorsten Joachims},
booktitle = {17th International Conference on Machine Learning (ICML)},
pages = {487--494},
year = {2000}
}

@inproceedings{Soares2001,
author = {Carlos Soares and Johann Petrak and Pavel Brazdil},
title = {Sampling-Based Relative Landmarks: Systematically Test-Driving Algorithms Before Choosing},
booktitle = {10th Portuguese Conference on Artificial Intelligence (EPIA)},
pages = {88-95},
year = {2001},
}

@inproceedings{Reif2012,
author = {Matthias Reif},
title = {A Comprehensive Dataset for Evaluating Approaches of various Meta-Learning Tasks},
booktitle = {1st International Conference on Pattern Recognition Applications and Methods (ICPRAM)},
pages = {273-276},
year = {2012},
}

@inproceedings{Castiello2005,
author = {Ciro Castiello and Giovanna Castellano and Anna M. Fanelli},
title = {Meta-data: Characterization of Input Features for Meta-learning},
booktitle = {2nd Modeling Decisions for Artificial Intelligence (MDAI)},
volume = {3558},
pages = {457-468},
year = {2005},
}

@inproceedings{Segrera2008,
title = {Information-Theoretic Measures for Meta-learning},
author = {Saddys Segrera and Joel Pinho and Mar{\'i}a N. Moreno},
booktitle = {3rd Hybrid Artificial Intelligence Systems (HAIS)},
pages = {458-465},
year = {2008},
}

@inproceedings{Peng2002,
author = {Yonghong Peng and Peter A. Flach and Carlos Soares and Pavel Brazdil},
title = {Improved Dataset Characterisation for Meta-learning},
booktitle = {5th International Conference on Discovery Science (DS)},
volume = {2534},
pages = {141-152},
year = {2002},
}

@inproceedings{Zarmehri2015,
author = {Mohammad Nozari Zarmehri and Carlos Soares},
title = {Using Metalearning for Prediction of Taxi Trip Duration Using Different Granularity Levels},
booktitle = {14th  International Symposium on Intelligent Data Analysis (IDA)},
pages = {205--216},
year = {2015},
}

@inproceedings{VanRijn2016,
author = {Jan N. {van Rijn} and Geoffrey Holmes and Bernhard Pfahringer and Joaquin Vanschoren},
title = {{Having a blast}: {M}eta-learning and heterogeneous ensembles for data streams},
booktitle = {IEEE International Conference on Data Mining (ICDM)},
pages = {1003--1008},
year = {2016},
}

@inproceedings{rossi2012,
author = {Andr{\'e} L. D. Rossi and Andre C. P. L. F. Carvalho and Carlos Soares}, 
title = {Meta-Learning for Periodic Algorithm Selection in Time-Changing Data}, 
booktitle = {Brazilian Symposium on Neural Networks (SBRN)}, 
pages={7-12},
year={2012}, 
}

@inproceedings{domingos2000mining,
title = {Mining high-speed data streams},
author = {Pedro Domingos and Geoff Hulten},
booktitle = {6th ACM SIGKDD International Conference on Knowledge Discovery and Data Mining},
pages = {71--80},
year = {2000},
}

@inproceedings{hulten2001mining,
title={Mining time-changing data streams},
author={Geoff Hulten and Laurie Spencer and Pedro Domingos},
booktitle={7th ACM SIGKDD International Conference on Knowledge Discovery and Data Mining},
pages={97--106},
year={2001}
}

@inproceedings{bifet2009adaptive,
title = {Adaptive learning from evolving data streams},
author = {Albert Bifet and Ricard Gavald{\`a}},
booktitle = {8th International Symposium on Intelligent Data Analysis (IDA)},
pages = {249--260},
year = {2009},
}

@inproceedings{ke2017lightgbm,
title = {{LightGBM}: {A} highly efficient gradient boosting decision tree},
author = {Guolin Ke and Qi Meng and Thomas Finley and Taifeng Wang and Wei Chen and Weidong Ma and Qiwei Ye and Tie-Yan Liu},
booktitle = {31st International Conference on Neural Information Processing System (NIPS)},
pages = {3149--3157},
year = {2017},
}

@inproceedings{Bensusan2000,
author = {Hilan Bensusan and Christophe Giraud-Carrier and Claire Kennedy},
title = {A higher-order approach to meta-learning},
booktitle = {10th International Conference Inductive Logic Programming (ILP)},
pages = {1-10},
year = {2000},
}

@techreport{klinkenberg2005,
author = {Ralf Klinkenberg},
title = {Meta-Learning, Model Selection, and Example Selection in Machine Learning Domains with Concept Drift},
publisher = {University of Dortmund},
institution = {University of Dortmund},
pages = {1-8},
year = {2005},
}

@book{mohri2018foundations,
  title={Foundations of machine learning},
  author={Mohri, Mehryar and Rostamizadeh, Afshin and Talwalkar, Ameet},
  year={2018},
  publisher={MIT press}
}

@book{russell2016artificial,
  title={Artificial intelligence: a modern approach},
  author={Russell, Stuart and Norvig, Peter},
  publisher = {Elsevier},
  year={2016}
}

@book{mitchell1997machine,
  title={Machine learning},
  series = {McGraw Hill series in computer science},
  author={Mitchell, Thomas M and others},
  year={1997},
  publisher={McGraw-Hill}
}

@book{abu2012learning,
  title={Learning from data},
  author={Abu-Mostafa, Yaser S and Magdon-Ismail, Malik and Lin, Hsuan-Tien},
  volume={4},
  year={2012},
  publisher={AMLBook New York, NY, USA:}
}

@book{2013aristotle,
  title={Aristotle's "Politics": Second Edition},
  author={Aristotle and Lord, C.},
  isbn={9780226921853},
  lccn={2012030592},
  url={https://books.google.com.br/books?id=DJP44GomyNoC},
  year={2013},
  publisher={University of Chicago Press}
}

@misc{openai2019dota,
    title={Dota 2 with Large Scale Deep Reinforcement Learning},
    author={OpenAI and : and Christopher Berner and Greg Brockman and Brooke Chan and Vicki Cheung and Przemysław Dębiak and Christy Dennison and David Farhi and Quirin Fischer and Shariq Hashme and Chris Hesse and Rafal Józefowicz and Scott Gray and Catherine Olsson and Jakub Pachocki and Michael Petrov and Henrique Pondé de Oliveira Pinto and Jonathan Raiman and Tim Salimans and Jeremy Schlatter and Jonas Schneider and Szymon Sidor and Ilya Sutskever and Jie Tang and Filip Wolski and Susan Zhang},
    year={2019},
    eprint={1912.06680},
    archivePrefix={arXiv},
    primaryClass={cs.LG}
}

@article{gibney2016google,
  title={Google AI algorithm masters ancient game of Go},
  author={Gibney, Elizabeth},
  journal={Nature News},
  volume={529},
  number={7587},
  pages={445},
  year={2016}
}

@article{Silver2016,
  title={Mastering the game of Go with deep neural networks and tree search},
  author={Silver, David and Huang, Aja and Maddison, Chris J and Guez, Arthur and Sifre, Laurent and Van Den Driessche, George and Schrittwieser, Julian and Antonoglou, Ioannis and Panneershelvam, Veda and Lanctot, Marc and others},
  journal={nature},
  volume={529},
  number={7587},
  pages={484},
  year={2016},
  publisher={Nature Publishing Group}
}

@book{chabert1999history,
  title={A history of algorithms: from the pebble to the microchip},
  author={Chabert, Jean-Luc and Barbin, {\'E}velyne and others},
  volume={23},
  year={1999},
  publisher={Springer}
}

@article{shettleworth2001animal,
  title={Animal cognition and animal behaviour},
  author={Shettleworth, Sara J},
  journal={Animal behaviour},
  volume={61},
  number={2},
  pages={277--286},
  year={2001},
  publisher={Elsevier}
}

@book{aaboe2001episodes,
  title={Episodes from the early history of astronomy},
  author={Aaboe, Asger},
  year={2001},
  publisher={Springer Science \& Business Media}
}

@article{solomonoff1964formal,
  title={A formal theory of inductive inference. Part I},
  author={Solomonoff, Ray J},
  journal={Information and control},
  volume={7},
  number={1},
  pages={1--22},
  year={1964},
  publisher={Elsevier}
}

@article{blumer1987occam,
  title={Occam's razor},
  author={Blumer, Anselm and Ehrenfeucht, Andrzej and Haussler, David and Warmuth, Manfred K},
  journal={Information processing letters},
  volume={24},
  number={6},
  pages={377--380},
  year={1987},
  publisher={Elsevier}
}

@article{rathmanner2011philosophical,
  author    = {Samuel Rathmanner and
               Marcus Hutter},
  title     = {A Philosophical Treatise of Universal Induction},
  journal   = {CoRR},
  volume    = {abs/1105.5721},
  year      = {2011},
  url       = {http://arxiv.org/abs/1105.5721},
  archivePrefix = {arXiv},
  eprint    = {1105.5721},
  timestamp = {Mon, 13 Aug 2018 16:47:30 +0200},
  biburl    = {https://dblp.org/rec/journals/corr/abs-1105-5721.bib},
  bibsource = {dblp computer science bibliography, https://dblp.org}
}

@article{bartlett2002rademacher,
  title={Rademacher and Gaussian complexities: Risk bounds and structural results},
  author={Bartlett, Peter L and Mendelson, Shahar},
  journal={Journal of Machine Learning Research},
  volume={3},
  number={Nov},
  pages={463--482},
  year={2002}
}

@book{britannica2006algorithm,
    title={Algorithm},
    author={The Editors of Encyclopaedia Britannica},
    publisher={Encyclopædia Britannica, inc.},
    year={2006},
    url={https://www.britannica.com/science/algorithm}
}

@book{goodfellow2016deep,
  title={Deep learning},
  author={Goodfellow, Ian and Bengio, Yoshua and Courville, Aaron},
  year={2016},
  publisher={MIT press}
}

@book{bishop2006pattern,
  title={Pattern recognition and machine learning},
  author={Bishop, Christopher M},
  year={2006},
  publisher={springer}
}

@article{wolpert1997no,
  title={No free lunch theorems for optimization},
  author={Wolpert, David H and Macready, William G},
  journal={IEEE transactions on evolutionary computation},
  volume={1},
  number={1},
  pages={67--82},
  year={1997},
  publisher={IEEE}
}

@article{wolpert1996lack,
  title={The lack of a priori distinctions between learning algorithms},
  author={Wolpert, David H},
  journal={Neural computation},
  volume={8},
  number={7},
  pages={1341--1390},
  year={1996},
  publisher={MIT Press}
}

@book{sipser2012introduction,
  title={Introduction to the Theory of Computation},
  author={Sipser, Michael},
  year={2012},
  publisher={Cengage Learning}
}

@article{tsymbal2004problem,
  title={The problem of concept drift: definitions and related work},
  author={Tsymbal, Alexey},
  journal={Computer Science Department, Trinity College Dublin},
  volume={106},
  number={2},
  pages={58},
  year={2004}
}

@book{brockwell2016introduction,
  title={Introduction to time series and forecasting},
  author={Brockwell, Peter J and Davis, Richard A},
  year={2016},
  publisher={springer}
}

@article{read2018concept,
  title={Concept-drifting data streams are time series; the case for continuous adaptation},
  author={Read, Jesse},
  journal={arXiv preprint arXiv:1810.02266},
  year={2018}
}

@inproceedings{babcock2002models,
  title={Models and issues in data stream systems},
  author={Babcock, Brian and Babu, Shivnath and Datar, Mayur and Motwani, Rajeev and Widom, Jennifer},
  booktitle={Proceedings of the twenty-first ACM SIGMOD-SIGACT-SIGART symposium on Principles of database systems},
  pages={1--16},
  year={2002}
}

@article{gold1967language,
  title={Language identification in the limit},
  author={Gold, E Mark},
  journal={Information and control},
  volume={10},
  number={5},
  pages={447--474},
  year={1967},
  publisher={Elsevier}
}

@book{hutter2004universal,
  title={Universal artificial intelligence: Sequential decisions based on algorithmic probability},
  author={Hutter, Marcus},
  year={2004},
  publisher={Springer Science \& Business Media}
}

@misc{kanade2010evolution,
    title={Evolution with Drifting Targets},
    author={Varun Kanade and Leslie G. Valiant and Jennifer Wortman Vaughan},
    year={2010},
    eprint={1005.3566},
    archivePrefix={arXiv},
    primaryClass={cs.LG}
}

@book{russell2004history,
  title={History of western philosophy},
  author={Russell, Bertrand},
  year={2004},
  publisher={Routledge}
}

@article{garcia1955conditioned,
  title={Conditioned aversion to saccharin resulting from exposure to gamma radiation.},
  author={Garcia, John and Kimeldorf, Donald J and Koelling, Robert A},
  journal={Science},
  year={1955},
  publisher={American Assn for the Advancement of Science}
}

@book{kearns1994introduction,
  title={An introduction to computational learning theory},
  author={Kearns, Michael J and Vazirani, Umesh},
  year={1994},
  publisher={MIT press}
}

@article{talagala2018meta,
  title={Meta-learning how to forecast time series},
  author={Talagala, Thiyanga S and Hyndman, Rob J and Athanasopoulos, George and others},
  journal={Monash Econometrics and Business Statistics Working Papers},
  volume={6},
  pages={18},
  year={2018},
  publisher={Monash University, Department of Econometrics and Business Statistics}
}

@article{kang2017visualising,
  title={Visualising forecasting algorithm performance using time series instance spaces},
  author={Kang, Yanfei and Hyndman, Rob J and Smith-Miles, Kate},
  journal={International Journal of Forecasting},
  volume={33},
  number={2},
  pages={345--358},
  year={2017},
  publisher={Elsevier}
}

@book{popper2005logic,
  title={The logic of scientific discovery},
  author={Popper, Karl},
  year={2005},
  publisher={Routledge}
}

@techreport{legg1997solomonoff,
  title={Solomonoff induction},
  author={Legg, Shane},
  year={1997},
  institution={Technical Report 30, Centre for Discrete Mathematics and Theoretical~…}
}

@article{li1992inductive,
  title={Inductive reasoning and Kolmogorov complexity},
  author={Li, Ming and Vit{\'a}nyi, Paul MB},
  journal={Journal of Computer and System Sciences},
  volume={44},
  number={2},
  pages={343--384},
  year={1992},
  publisher={Elsevier}
}

@article{solomonoff1978complexity,
  title={Complexity-based induction systems: comparisons and convergence theorems},
  author={Solomonoff, Ray},
  journal={IEEE transactions on Information Theory},
  volume={24},
  number={4},
  pages={422--432},
  year={1978},
  publisher={IEEE}
}

@article{blumer1989learnability,
  title={Learnability and the Vapnik-Chervonenkis dimension},
  author={Blumer, Anselm and Ehrenfeucht, Andrzej and Haussler, David and Warmuth, Manfred K},
  journal={Journal of the ACM (JACM)},
  volume={36},
  number={4},
  pages={929--965},
  year={1989},
  publisher={ACM New York, NY, USA}
}

@article{halevy2009unreasonable,
  title={The unreasonable effectiveness of data},
  author={Halevy, Alon and Norvig, Peter and Pereira, Fernando},
  journal={IEEE Intelligent Systems},
  volume={24},
  number={2},
  pages={8--12},
  year={2009},
  publisher={IEEE}
}

@article{dean2008mapreduce,
  title={MapReduce: simplified data processing on large clusters},
  author={Dean, Jeffrey and Ghemawat, Sanjay},
  journal={Communications of the ACM},
  volume={51},
  number={1},
  pages={107--113},
  year={2008},
  publisher={ACM New York, NY, USA}
}

@misc{gottfredson1997mainstream,
  title={Mainstream science on intelligence: An editorial with 52 signatories, history, and bibliography},
  author={Gottfredson, Linda S},
  year={1997},
  publisher={Citeseer}
}

@book{smith2011immanuel,
  title={Immanuel Kant's Critique of Pure Reason},
  author={Smith, Norman Kemp},
  year={2011},
  publisher={Read Books Ltd}
}

@book{hume2000enquiry,
  title={An enquiry concerning human understanding: A critical edition},
  author={Hume, David},
  volume={3},
  year={2000},
  publisher={Oxford University Press}
}

@article{atzori2010internet,
  title={The internet of things: A survey},
  author={Atzori, Luigi and Iera, Antonio and Morabito, Giacomo},
  journal={Computer networks},
  volume={54},
  number={15},
  pages={2787--2805},
  year={2010},
  publisher={Elsevier}
}

@article{mcafee2012big,
  title={Big data: the management revolution},
  author={McAfee, Andrew and Brynjolfsson, Erik and Davenport, Thomas H and Patil, DJ and Barton, Dominic},
  journal={Harvard business review},
  volume={90},
  number={10},
  pages={60--68},
  year={2012}
}

@article{musk2017making,
  title={Making humans a multi-planetary species},
  author={Musk, Elon},
  journal={New Space},
  volume={5},
  number={2},
  pages={46--61},
  year={2017},
  publisher={Mary Ann Liebert, Inc. 140 Huguenot Street, 3rd Floor New Rochelle, NY 10801 USA}
}

@article{agrawal1993database,
  title={Database mining: A performance perspective},
  author={Agrawal, Rakesh and Imielinski, Tomasz and Swami, Arun},
  journal={IEEE transactions on knowledge and data engineering},
  volume={5},
  number={6},
  pages={914--925},
  year={1993},
  publisher={IEEE}
}

@article{skmultiflow,
  author  = {Jacob Montiel and Jesse Read and Albert Bifet and Talel Abdessalem},
  title   = {Scikit-Multiflow: A Multi-output Streaming Framework },
  journal = {Journal of Machine Learning Research},
  year    = {2018},
  volume  = {19},
  number  = {72},
  pages   = {1-5},
  url     = {http://jmlr.org/papers/v19/18-251.html}
}

@article{lorena2019complex,
  title={How Complex is your classification problem? A survey on measuring classification complexity},
  author={Lorena, Ana C and Garcia, Lu{\'\i}s PF and Lehmann, Jens and Souto, Marcilio CP and Ho, Tin Kam},
  journal={ACM Computing Surveys (CSUR)},
  volume={52},
  number={5},
  pages={1--34},
  year={2019},
  publisher={ACM New York, NY, USA}
}

@book{vinten2003cholera,
  title={Cholera, chloroform, and the science of medicine: a life of John Snow},
  author={Vinten-Johansen, Peter and Brody, Howard and Paneth, Nigel and Rachman, Stephen and Zuck, David and Rip, Michael and Zuck, Honorary Consultant Anaesthetist David and others},
  year={2003},
  publisher={Oxford University Press}
}

@book{stigler1986history,
  title={The history of statistics: The measurement of uncertainty before 1900},
  author={Stigler, Stephen M},
  year={1986},
  publisher={Harvard University Press}
}